@inproceedings{Lpez2010LocalBP,
  title={Local Binary Patterns applied to Face Detection and Recognition},
  author={Laura S{\'a}nchez L{\'o}pez},
  year={2010}
}